%% books
@Book{enbin:Winkelmann:2013,
  title              = {Econometric Analysis of Count Data},
  author             = {Winkelmann, Rainer},
  year               = {2013},
  publisher          = {Springer Science \& Business Media}
}
@Book{Hogg:Craig:1978,
  title={Introduction to mathematical statistics},
  author={Schmetterer, Leopold},
  volume={4},
  year={1978},
  publisher={Macmillan}
}