%% books
@Book{nb1:Winkelmann:2013,
  title              = {Econometric Analysis of Count Data},
  author             = {Winkelmann, Rainer},
  year               = {2013},
  publisher          = {Springer Science \& Business Media}
}

@Book{nb1:Cameron+Trivedi:2013,
  title              = {Regression Analysis of Count Data},
  author             = {Cameron, A Colin and Trivedi, Pravin K},
  volume             = {53},
  year               = {2013},
  publisher          = {Cambridge university press}
}

%% published versions
@Article{nb1:Long:1990,
  title              = {The Origins of Sex Differences in Science},
  author             = {Long, J Scott},
  journal            = {Social Forces},
  pages              = {1297--1316},
  year               = {1990},
  publisher          = {JSTOR}
}

@Article{nb1:Long:1997,
  title              = {Regression Models for Categorical and Limited Dependent Variables},
  author             = {Scott Long, J},
  journal            = {Advanced Quantitative Techniques in the Social Sciences},
  volume             = {7},
  year               = {1997},
  publisher          = {Sage Publications}
}
