@Manual{R,
  title = {{R}: {A} Language and Environment for Statistical Computing},
  author = {{R Core Team}},
  organization = {R Foundation for Statistical Computing},
  address = {Vienna, Austria},
  year = {2017},
  url = {https://www.R-project.org/}
}

 @Article{gamlss,
    title = {Generalized additive models for location, scale and shape,(with discussion)},
    journal = {Applied Statistics},
    volume = {54},
    part = {3},
    pages = {507-554},
    year = {2005},
    author = {R. A. Rigby and D. M. Stasinopoulos},
  }

@Manual{gamlssdist,
    title = {gamlss.dist: Distributions to be Used for GAMLSS Modelling},
    author = {Mikis Stasinopoulos and Bob Rigby with contributions from Calliope Akantziliotou and Gillian Heller and Raydonal Ospina and Nicoletta Motpan and Fiona McElduff and Vlasios Voudouris and Majid Djennad and Marco Enea and Alexios Ghalanos.},
    year = {2016},
    note = {R package version 5.0-0},
    url = {https://CRAN.R-project.org/package=gamlss.dist},
  }

@Article{Formula,
  author = {Achim Zeileis and Yves Croissant},
  title = {Extended Model Formulas in {R}: Multiple Parts and Multiple Responses},
  journal = {Journal of Statistical Software},
  year = {2010},
  volume = {34},
  number = {1},
  pages = {1--13},
  doi = {10.18637/jss.v034.i01}
}

@Article{sandwich,
  title = {Object-Oriented Computation of Sandwich Estimators},
  author = {Achim Zeileis},
  journal = {Journal of Statistical Software},
  year = {2006},
  volume = {16},
  number = {9},
  pages = {1--16},
  doi = {10.18637/jss.v016.i09}
}

@Manual{memisc,
  title = {{memisc}: Tools for Management of Survey Data and the Presentation of Analysis Results},
  author = {Martin Elff},
  year = {2016},
  note = {R package version 0.99.8},
  url = {https://CRAN.R-project.org/package=memisc},
}

@Book{car,
  author = {John Fox and Sanford Weisberg},
  title = {An {R} Companion to Applied Regression},
  year = {2011},
  edition = {2nd},
  publisher = {Sage},
  address = {Thousand Oaks},
  url = {http://socserv.socsci.mcmaster.ca/jfox/Books/Companion}
}

@Book{Verbeek:2004,
  author = {M. Verbeek},
  title = {A Guide to Modern Econometrics},
  year = {2004},
  edition = {2nd},
  publisher = {John Wiley \& Sons},
  address = {Chichester}
}

@book{Wooldridge:2010,
  author = {Jeffrey Wooldridge},
  edition = {4th},
  publisher = {South-Western College Pub},
  title = {Introductory Econometrics: A Modern Approach},
  year = 2010
}


