% Encoding: UTF-8

@Book{Greene,
  title     = {Econometric Analysis},
  publisher = {Prentice Hall},
  year      = {2011},
  author    = {William H. Greene},
  edition   = {7},
}

@Article{Hansen,
  author    = {Hansen, Lars Peter},
  title     = {Large sample properties of generalized method of moments estimators},
  journal   = {Econometrica},
  year      = {1982},
  volume    = {50},
  number    = {4},
  pages     = {1029--1054},
  publisher = {JSTOR},
}

@Book{Hall,
  title     = {Generalized Method of Moments},
  publisher = {Oxford University Press},
  year      = {2005},
  author    = {Alastair R. Hall},
  series    = {Advanced texts in econometrics},
  edition   = {1},
}

@Book{Cochrane,
  title     = {Asset Pricing},
  publisher = {Princeton University Press},
  year      = {2005},
  author    = {John H. Cochrane},
  edition   = {Revised},
}

@Manual{R,
  title        = {{R}: {A} Language and Environment for Statistical Computing},
  author       = {{R Core Team}},
  organization = {R Foundation for Statistical Computing},
  address      = {Vienna, Austria},
  year         = {2017},
  url          = {https://www.R-project.org/},
}

@Comment{jabref-meta: databaseType:bibtex;}
