@Article{Altman+McDonald:2003,
  author = {Micah Altman and Michael P. McDonald},
  title = {Replication with Attention to Numerical Accuracy},
  journal = {Political Analysis},
  year = {2003},
  volume = {11},
  number = {3},
  pages = {302--307},
  doi = {10.1093/pan/mpg016}
}

@Article{Alvarez+Brehm:1995,
  author = {R. Michael Alvarez and John Brehm},
  title = {American Ambivalence Towards Abortion Policy: Development of a Heteroskedastic Probit Model of Competing Values},
  journal = {American Journal of Political Science},
  year = {1995},
  volume = {39},
  number = {4},
  pages = {1055--1082},
  doi = {10.2307/2111669}
}

@Article{Harvey:1976,
  author = {Andrew C. Harvey},
  title = {Estimating Regression Models with Multiplicative Heteroscedasticity},
  journal = {Econometrica},
  year = {1976},
  volume = {44},
  number = {3},
  pages = {461--465},
  doi = {10.2307/1913974}
}

@Article{Nagler:1991,
  author = {Jonathan Nagler},
  title = {The Effect of Registration Laws and Education on {U}.S. Voter Turnout},
  journal = {The American Political Science Review},
  year = {1991},
  volume = {85},
  number = {4},
  pages = {1393--1405},
  doi = {10.2307/1963952}
}

@Article{Nagler:1994,
  author = {Jonathan Nagler},
  title = {Scobit: {A}n Alternative Estimator to Logit and Probit},
  journal = {American Journal of Political Science},
  year = {1994},
  volume = {38},
  number = {1},
  pages = {230--255},
  doi = {10.2307/2111343}
}

@Article{Formula,
  author = {Achim Zeileis and Yves Croissant},
  title = {Extended Model Formulas in {R}: Multiple Parts and Multiple Responses},
  journal = {Journal of Statistical Software},
  year = {2010},
  volume = {34},
  number = {1},
  pages = {1--13},
  doi = {10.18637/jss.v034.i01}
}

@Manual{glmx,
  title = {\pkg{glmx}: Generalized Linear Models Extended},
  author = {Achim Zeileis and Roger Koenker and Philipp Doebler},
  year = {2015},
  note = {\proglang{R} package version 0.1-1},
  url = {https://cran.r-project.org/package=glmx},
}

@Manual{Keele+Park:2006,
  title = {Ambivalent about Ambivalence: {A} Re-examination of Heteroskedastic Probit Models},
  author = {Luke Keele and David Park},
  year = {2006},
  note = {Unpublished Manuscript, Penn State University}
}

@Manual{memisc,
  title = {\pkg{memisc}: Tools for Management of Survey Data and the Presentation of Analysis Results},
  author = {Martin Elff},
  year = {2016},
  note = {\proglang{R} package version 0.99.8},
  url = {https://CRAN.R-project.org/package=memisc}
}

@Manual{R,
  title = {\proglang{R}: {A} Language and Environment for Statistical Computing},
  author = {{R Core Team}},
  organization = {R Foundation for Statistical Computing},
  address = {Vienna, Austria},
  year = {2017},
  url = {https://www.R-project.org/}
}

@Book{Greene:2012,
  author = {William H. Greene},
  title = {Econometric Analysis},
  year = {2012},
  edition = {7th},
  publisher = {Pearson},
  address = {Prentice Hall}
}


